---
---

@inproceedings{zhu2024adaptav,
  title={AdaptAV: Continuous Adaption of Vision Models for Autonomous Vehicles Using Cloud-based Oracle},
  author={Zhu, Yuheng and others},
  booktitle={2024 IEEE 100th Vehicular Technology Conference (VTC2024-Fall)},
  year={2024},
  abbr={VTC},
  html={https://ieeexplore.ieee.org/abstract/document/10757493},
  url={https://ieeexplore.ieee.org/abstract/document/10757493},
  selected={true}
}
